<?xml version="1.0" encoding="UTF-8" ?>
<collection xmlns:xsi="http://www.w3.org/2001/XMLSchema-instance"
    xsi:schemaLocation="http://www.loc.gov/MARC21/slim
        http://www.loc.gov/standards/marcxml/schema/MARC21slim.xsd"
    xmlns="http://www.loc.gov/MARC21/slim">
<record>
  <leader>00332cam a2200673 ia4500</leader>
  <controlfield tag="001">b12378598</controlfield>
  <controlfield tag="003">LeBAU</controlfield>
  <controlfield tag="005">20180319</controlfield>
  <controlfield tag="008">970304m19541958ua       b    ||1 0 ara d</controlfield>
  <datafield tag="035" ind1=" " ind2=" ">
    <subfield code="a">ocn784291008</subfield>
  </datafield>
  <datafield tag="040" ind1=" " ind2=" ">
    <subfield code="a">LEAUB</subfield>
    <subfield code="b">ara</subfield>
    <subfield code="e">rda</subfield>
    <subfield code="c">LEAUB</subfield>
    <subfield code="d">LEAUB</subfield>
  </datafield>
  <datafield tag="082" ind1="0" ind2="4">
    <subfield code="a">297.207</subfield>
    <subfield code="2">20</subfield>
  </datafield>
  <datafield tag="100" ind1="0" ind2=" ">
    <subfield code="6">880-01</subfield>
    <subfield code="a">Ṭabarī,</subfield>
    <subfield code="d">838?-923,</subfield>
    <subfield code="e">author.</subfield>
  </datafield>
  <datafield tag="245" ind1="1" ind2="0">
    <subfield code="6">880-02</subfield>
    <subfield code="a">Tafsīr al-Ṭabarī  :</subfield>
    <subfield code="b">jāmiʻ al-bayān ʻan taʼwīl āy al-Quʼrān /</subfield>
    <subfield code="c">li-Abī Jaʻfar Muḥammad ibn Jurayr al-Ṭabarī, 224-310 H. ; ḥaqqaqahu wa-ʻallaqá ḥawāshīhi Maḥmūd Muḥammad Shākir ; rājaʻahu wa-kharraja aḥādīthahu Ahṃad Muhạmmad Shākir.</subfield>
  </datafield>
  <datafield tag="246" ind1="3" ind2="0">
    <subfield code="6">880-03</subfield>
    <subfield code="a">Jāmiʻ al-bayān ʻan taʼwīl al-Quʼrān</subfield>
  </datafield>
  <datafield tag="264" ind1=" " ind2="1">
    <subfield code="6">880-04</subfield>
    <subfield code="a">Miṣr :</subfield>
    <subfield code="b">Dār al-Maʻārīf,</subfield>
    <subfield code="c">1374-1378 H., [1954-1958? M.]</subfield>
  </datafield>
  <datafield tag="300" ind1=" " ind2=" ">
    <subfield code="6">880-05</subfield>
    <subfield code="a">15 volumes ;</subfield>
    <subfield code="c">24 cm.</subfield>
  </datafield>
  <datafield tag="336" ind1=" " ind2=" ">
    <subfield code="a">text</subfield>
    <subfield code="b">txt</subfield>
    <subfield code="2">rdacontent</subfield>
  </datafield>
  <datafield tag="337" ind1=" " ind2=" ">
    <subfield code="a">unmediated</subfield>
    <subfield code="b">n</subfield>
    <subfield code="2">rdamedia</subfield>
  </datafield>
  <datafield tag="338" ind1=" " ind2=" ">
    <subfield code="a">volume</subfield>
    <subfield code="b">nc</subfield>
    <subfield code="2">rdacarrier</subfield>
  </datafield>
  <datafield tag="490" ind1="1" ind2=" ">
    <subfield code="6">880-06</subfield>
    <subfield code="a">Turāth al-Islām</subfield>
  </datafield>
  <datafield tag="500" ind1=" " ind2=" ">
    <subfield code="a">يتضمن مراجع ببليوغرافية وكشافات.</subfield>
  </datafield>
  <datafield tag="630" ind1="0" ind2="4">
    <subfield code="a">قرآن</subfield>
    <subfield code="x">تفسير وتأويل</subfield>
    <subfield code="v">اعمال قديمة حتى 1800.</subfield>
  </datafield>
  <datafield tag="630" ind1="0" ind2="0">
    <subfield code="a">Qur'an</subfield>
    <subfield code="x">Hermeneutics</subfield>
    <subfield code="v">Early works to 1800.</subfield>
  </datafield>
  <datafield tag="700" ind1="1" ind2=" ">
    <subfield code="6">880-07</subfield>
    <subfield code="a">Shākir, Maḥmūd Muḥammad,</subfield>
    <subfield code="e">compiler.</subfield>
  </datafield>
  <datafield tag="700" ind1="1" ind2=" ">
    <subfield code="6">880-08</subfield>
    <subfield code="a">Shākir, Aḥmad Muḥammad,</subfield>
    <subfield code="e">reviewer.</subfield>
  </datafield>
  <datafield tag="700" ind1="1" ind2=" ">
    <subfield code="6">880-09</subfield>
    <subfield code="a">Shākir, Aḥmad Muḥammad,</subfield>
    <subfield code="e">annotator.</subfield>
  </datafield>
  <datafield tag="787" ind1="0" ind2=" ">
    <subfield code="6">880-10</subfield>
    <subfield code="i">is abridged as (work):</subfield>
    <subfield code="4">http://rdaregistry.info/Elements/w/P60275:</subfield>
    <subfield code="t">Mukhtaṣar Tafsī al-Ṭabarī.</subfield>
    <subfield code="b">Dār al-Tadmurīyah,</subfield>
    <subfield code="d">al-Riyād, al-Mamlakah al-ʻArabīyah al-Saʻūdīyah :</subfield>
    <subfield code="w">b19209344</subfield>
    <subfield code="c">1437 H. = 2016 M.</subfield>
  </datafield>
  <datafield tag="830" ind1=" " ind2="0">
    <subfield code="6">880-11</subfield>
    <subfield code="a">Turāth al-Islām.</subfield>
  </datafield>
  <datafield tag="852" ind1=" " ind2=" ">
    <subfield code="a">Jafet Library</subfield>
    <subfield code="e">American University of Beirut, Bliss Street , Beirut, Lebanon.</subfield>
  </datafield>
  <datafield tag="880" ind1="0" ind2=" ">
    <subfield code="6">100-01/(3/r</subfield>
    <subfield code="a">الطبري،</subfield>
    <subfield code="d">838؟-923،</subfield>
    <subfield code="e">مؤلف. </subfield>
    <subfield code="4">aut.</subfield>
  </datafield>
  <datafield tag="880" ind1="3" ind2="0">
    <subfield code="6">246-03/(3/r</subfield>
    <subfield code="a">جامع البيان عن تأويل آي القرآن</subfield>
  </datafield>
  <datafield tag="880" ind1="1" ind2="0">
    <subfield code="6">245-02/(3/r</subfield>
    <subfield code="a">تفسير الطبري :</subfield>
    <subfield code="b">جامع البيان عن تأويل آى القرآن /</subfield>
    <subfield code="c">لأبي جعفر محمد بن جرير الطبري، 224 - 310 هـ. ؛ حققه وعلق حواشيه محمود محمد شاكر ؛ راجعه وخرج أحاديثه أحمد محمد شاكر.</subfield>
  </datafield>
  <datafield tag="880" ind1=" " ind2="1">
    <subfield code="6">264-04/(3/r</subfield>
    <subfield code="a">مصر :</subfield>
    <subfield code="b">دار المعارف،</subfield>
    <subfield code="c">1374-1378هـ.، [1954-1958م.؟]</subfield>
  </datafield>
  <datafield tag="880" ind1=" " ind2=" ">
    <subfield code="6">300-05/(3/r</subfield>
    <subfield code="a">15 جزء ؛</subfield>
    <subfield code="c">24 سم.</subfield>
  </datafield>
  <datafield tag="880" ind1="1" ind2=" ">
    <subfield code="6">490-06/(3/r</subfield>
    <subfield code="a">تراث الإسلام</subfield>
  </datafield>
  <datafield tag="880" ind1="1" ind2=" ">
    <subfield code="6">700-07/(3/r</subfield>
    <subfield code="a">شاكر، محمود محمد،</subfield>
    <subfield code="e">معد. </subfield>
    <subfield code="4">com.</subfield>
  </datafield>
  <datafield tag="880" ind1="1" ind2=" ">
    <subfield code="6">700-08/(3/r</subfield>
    <subfield code="a">شاكر، احمد محمد،</subfield>
    <subfield code="e">مراجع. </subfield>
    <subfield code="4">rev.</subfield>
  </datafield>
  <datafield tag="880" ind1="1" ind2=" ">
    <subfield code="6">700-09/(3/r</subfield>
    <subfield code="a">شاكر، احمد محمد،</subfield>
    <subfield code="e">محقق. </subfield>
    <subfield code="4">ann.</subfield>
  </datafield>
  <datafield tag="880" ind1="0" ind2=" ">
    <subfield code="6">787-10/(3/r</subfield>
    <subfield code="i">مختصر ك (عمل)</subfield>
    <subfield code="4">http://rdaregistry.info/Elements/w/P60275</subfield>
    <subfield code="t">مختصر تفسير الطبري.</subfield>
    <subfield code="b">al-Ṭabʻah al-ūla.</subfield>
    <subfield code="d">الرياض، المملكة العربية السعودية : دار التدمرية، 1437 هـ. = 2016 م.</subfield>
    <subfield code="b">Dār al-Tadmurīyah,</subfield>
    <subfield code="c">1437 H. = 2016 M.</subfield>
    <subfield code="w">b19209344</subfield>
  </datafield>
  <datafield tag="880" ind1=" " ind2="0">
    <subfield code="6">830-11/(3/r</subfield>
    <subfield code="a">تراث الإسلام.</subfield>
  </datafield>
  <datafield tag="907" ind1=" " ind2=" ">
    <subfield code="a">.b12378598</subfield>
    <subfield code="b">18-04-13</subfield>
    <subfield code="c">11-05-24</subfield>
  </datafield>
  <datafield tag="907" ind1=" " ind2=" ">
    <subfield code="a">.b12378598</subfield>
    <subfield code="b">11-10-11</subfield>
    <subfield code="c">11-05-24</subfield>
  </datafield>
  <datafield tag="945" ind1=" " ind2=" ">
    <subfield code="f">J</subfield>
    <subfield code="a">297.207:T11tA:v.3:c.1</subfield>
    <subfield code="g">1</subfield>
    <subfield code="i">01010452</subfield>
    <subfield code="j">.i1283421x</subfield>
    <subfield code="l">u0503</subfield>
  </datafield>
  <datafield tag="945" ind1=" " ind2=" ">
    <subfield code="f">J</subfield>
    <subfield code="a">297.207:T11tA:v.4:c.1</subfield>
    <subfield code="g">1</subfield>
    <subfield code="i">01010453</subfield>
    <subfield code="j">.i12834221</subfield>
    <subfield code="l">u0503</subfield>
  </datafield>
  <datafield tag="945" ind1=" " ind2=" ">
    <subfield code="f">J</subfield>
    <subfield code="a">297.207:T11tA:v.5:c.1</subfield>
    <subfield code="g">1</subfield>
    <subfield code="i">01010455</subfield>
    <subfield code="j">.i12834233</subfield>
    <subfield code="l">u0503</subfield>
  </datafield>
  <datafield tag="945" ind1=" " ind2=" ">
    <subfield code="f">J</subfield>
    <subfield code="a">297.207:T11tA:v.6:c.1</subfield>
    <subfield code="g">1</subfield>
    <subfield code="i">01010457</subfield>
    <subfield code="j">.i12834245</subfield>
    <subfield code="l">u0503</subfield>
  </datafield>
  <datafield tag="945" ind1=" " ind2=" ">
    <subfield code="f">J</subfield>
    <subfield code="a">297.207:T11tA:v.7:c.1</subfield>
    <subfield code="g">1</subfield>
    <subfield code="i">01010458</subfield>
    <subfield code="j">.i12834257</subfield>
    <subfield code="l">u0503</subfield>
  </datafield>
  <datafield tag="945" ind1=" " ind2=" ">
    <subfield code="f">J</subfield>
    <subfield code="a">297.207:T11tA:v.8:c.1</subfield>
    <subfield code="g">1</subfield>
    <subfield code="i">01010459</subfield>
    <subfield code="j">.i12834269</subfield>
    <subfield code="l">u0503</subfield>
  </datafield>
  <datafield tag="945" ind1=" " ind2=" ">
    <subfield code="f">J</subfield>
    <subfield code="a">297.207:T11tA:v.9:c.1</subfield>
    <subfield code="g">1</subfield>
    <subfield code="i">01010462</subfield>
    <subfield code="j">.i12834270</subfield>
    <subfield code="l">u0503</subfield>
  </datafield>
  <datafield tag="945" ind1=" " ind2=" ">
    <subfield code="f">J</subfield>
    <subfield code="a">297.207:T11tA:v.10:c.1</subfield>
    <subfield code="g">1</subfield>
    <subfield code="i">01010463</subfield>
    <subfield code="j">.i12834282</subfield>
    <subfield code="l">u0503</subfield>
  </datafield>
  <datafield tag="945" ind1=" " ind2=" ">
    <subfield code="f">J</subfield>
    <subfield code="a">297.207:T11tA:v.11:c.1</subfield>
    <subfield code="g">1</subfield>
    <subfield code="i">01010464</subfield>
    <subfield code="j">.i12834294</subfield>
    <subfield code="l">u0503</subfield>
  </datafield>
  <datafield tag="945" ind1=" " ind2=" ">
    <subfield code="f">J</subfield>
    <subfield code="a">297.207:T11tA:v.12:c.1</subfield>
    <subfield code="g">1</subfield>
    <subfield code="i">01010465</subfield>
    <subfield code="j">.i12834300</subfield>
    <subfield code="l">u0503</subfield>
  </datafield>
  <datafield tag="945" ind1=" " ind2=" ">
    <subfield code="f">J</subfield>
    <subfield code="a">297.207:T11tA:v.13:c.1</subfield>
    <subfield code="g">1</subfield>
    <subfield code="i">01010466</subfield>
    <subfield code="j">.i12834312</subfield>
    <subfield code="l">u0503</subfield>
  </datafield>
  <datafield tag="945" ind1=" " ind2=" ">
    <subfield code="f">J</subfield>
    <subfield code="a">297.207:T11tA:v.14:c.1</subfield>
    <subfield code="g">1</subfield>
    <subfield code="i">01010467</subfield>
    <subfield code="j">.i12834324</subfield>
    <subfield code="l">u0503</subfield>
  </datafield>
  <datafield tag="945" ind1=" " ind2=" ">
    <subfield code="f">J</subfield>
    <subfield code="a">297.207:T11tA:v.15:c.1</subfield>
    <subfield code="g">1</subfield>
    <subfield code="i">01010469</subfield>
    <subfield code="j">.i12834336</subfield>
    <subfield code="l">u0503</subfield>
  </datafield>
  <datafield tag="945" ind1=" " ind2=" ">
    <subfield code="f">J</subfield>
    <subfield code="a">297.207:T11tA:v.1:c.1</subfield>
    <subfield code="g">1</subfield>
    <subfield code="i">01010449</subfield>
    <subfield code="j">.i12834348</subfield>
    <subfield code="l">u0503</subfield>
  </datafield>
  <datafield tag="945" ind1=" " ind2=" ">
    <subfield code="f">J</subfield>
    <subfield code="a">297.207:T11tA:v.2:c.1</subfield>
    <subfield code="g">1</subfield>
    <subfield code="i">01010451</subfield>
    <subfield code="j">.i1283435x</subfield>
    <subfield code="l">u0503</subfield>
  </datafield>
  <datafield tag="998" ind1=" " ind2=" ">
    <subfield code="a">u05</subfield>
    <subfield code="b">97-03-04</subfield>
    <subfield code="c">m</subfield>
    <subfield code="d">a</subfield>
    <subfield code="e">-</subfield>
    <subfield code="f">ara</subfield>
    <subfield code="g">ua </subfield>
    <subfield code="h">0</subfield>
    <subfield code="i">15</subfield>
  </datafield>
</record>
</collection>
